<?xml version="1.0" encoding="UTF-8"?><collection xmlns="http://www.loc.gov/MARC21/slim"><record><leader>00625nam--2200205-i-4500</leader><controlfield tag="001">000022701</controlfield><controlfield tag="002">20161230</controlfield><controlfield tag="005">20161230201034</controlfield><controlfield tag="008">060222s1000------------r-----000-0-eng-d</controlfield><datafield ind1=" " ind2=" " tag="020"><subfield code="a">0125330111</subfield></datafield><datafield ind1=" " ind2=" " tag="040"><subfield code="a">IFIN-HH</subfield></datafield><datafield ind1=" " ind2=" " tag="080"><subfield code="a">538.975:539.23(082)</subfield></datafield><datafield ind1="1" ind2=" " tag="100"><subfield code="a">Hass, Georg</subfield></datafield><datafield ind1="1" ind2="0" tag="245"><subfield code="a">Physics of thin films</subfield><subfield code="b">Advances in research and development. volume 11</subfield><subfield code="c">Georg hass, maurice h. francombe (eds.)</subfield></datafield><datafield ind1=" " ind2=" " tag="260"><subfield code="a">New York</subfield><subfield code="b">Academic Press</subfield><subfield code="c">1980</subfield></datafield><datafield ind1=" " ind2=" " tag="300"><subfield code="a">XV+336P</subfield></datafield><datafield ind1=" " ind2=" " tag="490"><subfield code="a">Advances In Research And Development</subfield></datafield><datafield ind1="1" ind2=" " tag="700"><subfield code="a">Francombe, Maurice H</subfield><subfield code="e">Ed</subfield></datafield><datafield ind1=" " ind2=" " tag="852"><subfield code="a">19213</subfield><subfield code="c">539.23</subfield></datafield><datafield ind1=" " ind2=" " tag="CAT"><subfield code="a">Sys</subfield><subfield code="c">20121212</subfield><subfield code="h">175757</subfield></datafield></record></collection>